%YAML 1.1
%TAG !u! tag:unity3d.com,2011:
--- !u!1001 &100100000
Prefab:
  m_ObjectHideFlags: 1
  serializedVersion: 2
  m_Modification:
    m_TransformParent: {fileID: 0}
    m_Modifications: []
    m_RemovedComponents: []
  m_SourcePrefab: {fileID: 0}
  m_RootGameObject: {fileID: 1862134142406076}
  m_IsPrefabAsset: 1
--- !u!1 &1153502282525002
GameObject:
  m_ObjectHideFlags: 0
  m_CorrespondingSourceObject: {fileID: 0}
  m_PrefabInternal: {fileID: 100100000}
  serializedVersion: 6
  m_Component:
  - component: {fileID: 4318193399836996}
  - component: {fileID: 114203804535137672}
  m_Layer: 0
  m_Name: ScoreManager
  m_TagString: Untagged
  m_Icon: {fileID: 0}
  m_NavMeshLayer: 0
  m_StaticEditorFlags: 0
  m_IsActive: 1
--- !u!1 &1212861271037820
GameObject:
  m_ObjectHideFlags: 0
  m_CorrespondingSourceObject: {fileID: 0}
  m_PrefabInternal: {fileID: 100100000}
  serializedVersion: 6
  m_Component:
  - component: {fileID: 4170058905147720}
  - component: {fileID: 114370100044773060}
  m_Layer: 0
  m_Name: CameraManager
  m_TagString: Untagged
  m_Icon: {fileID: 0}
  m_NavMeshLayer: 0
  m_StaticEditorFlags: 4294967295
  m_IsActive: 1
--- !u!1 &1850468116544106
GameObject:
  m_ObjectHideFlags: 0
  m_CorrespondingSourceObject: {fileID: 0}
  m_PrefabInternal: {fileID: 100100000}
  serializedVersion: 6
  m_Component:
  - component: {fileID: 4305989252096228}
  - component: {fileID: 114956077333574734}
  m_Layer: 0
  m_Name: GameManager
  m_TagString: Untagged
  m_Icon: {fileID: 0}
  m_NavMeshLayer: 0
  m_StaticEditorFlags: 4294967295
  m_IsActive: 1
--- !u!1 &1862134142406076
GameObject:
  m_ObjectHideFlags: 0
  m_CorrespondingSourceObject: {fileID: 0}
  m_PrefabInternal: {fileID: 100100000}
  serializedVersion: 6
  m_Component:
  - component: {fileID: 4920952055623734}
  m_Layer: 0
  m_Name: Managers
  m_TagString: Untagged
  m_Icon: {fileID: 0}
  m_NavMeshLayer: 0
  m_StaticEditorFlags: 4294967295
  m_IsActive: 1
--- !u!1 &1972463945059500
GameObject:
  m_ObjectHideFlags: 0
  m_CorrespondingSourceObject: {fileID: 0}
  m_PrefabInternal: {fileID: 100100000}
  serializedVersion: 6
  m_Component:
  - component: {fileID: 4358270849024680}
  - component: {fileID: 114705638526912576}
  m_Layer: 0
  m_Name: BuffManager
  m_TagString: Untagged
  m_Icon: {fileID: 0}
  m_NavMeshLayer: 0
  m_StaticEditorFlags: 4294967295
  m_IsActive: 1
--- !u!4 &4170058905147720
Transform:
  m_ObjectHideFlags: 1
  m_CorrespondingSourceObject: {fileID: 0}
  m_PrefabInternal: {fileID: 100100000}
  m_GameObject: {fileID: 1212861271037820}
  m_LocalRotation: {x: -0, y: -0, z: -0, w: 1}
  m_LocalPosition: {x: 0, y: -1.29, z: -70.532745}
  m_LocalScale: {x: 1, y: 1, z: 1}
  m_Children: []
  m_Father: {fileID: 4920952055623734}
  m_RootOrder: 1
  m_LocalEulerAnglesHint: {x: 0, y: 0, z: 0}
--- !u!4 &4305989252096228
Transform:
  m_ObjectHideFlags: 1
  m_CorrespondingSourceObject: {fileID: 0}
  m_PrefabInternal: {fileID: 100100000}
  m_GameObject: {fileID: 1850468116544106}
  m_LocalRotation: {x: -0, y: -0, z: -0, w: 1}
  m_LocalPosition: {x: -450.96924, y: 191.21735, z: 30.211388}
  m_LocalScale: {x: 1, y: 1, z: 1}
  m_Children: []
  m_Father: {fileID: 4920952055623734}
  m_RootOrder: 0
  m_LocalEulerAnglesHint: {x: 0, y: 0, z: 0}
--- !u!4 &4318193399836996
Transform:
  m_ObjectHideFlags: 1
  m_CorrespondingSourceObject: {fileID: 0}
  m_PrefabInternal: {fileID: 100100000}
  m_GameObject: {fileID: 1153502282525002}
  m_LocalRotation: {x: 0, y: 0, z: 0, w: 1}
  m_LocalPosition: {x: 0, y: 0, z: 0}
  m_LocalScale: {x: 1, y: 1, z: 1}
  m_Children: []
  m_Father: {fileID: 4920952055623734}
  m_RootOrder: 3
  m_LocalEulerAnglesHint: {x: 0, y: 0, z: 0}
--- !u!4 &4358270849024680
Transform:
  m_ObjectHideFlags: 1
  m_CorrespondingSourceObject: {fileID: 0}
  m_PrefabInternal: {fileID: 100100000}
  m_GameObject: {fileID: 1972463945059500}
  m_LocalRotation: {x: -0, y: -0, z: -0, w: 1}
  m_LocalPosition: {x: 55.9, y: 51.91, z: 53.367256}
  m_LocalScale: {x: 1, y: 1, z: 1}
  m_Children: []
  m_Father: {fileID: 4920952055623734}
  m_RootOrder: 2
  m_LocalEulerAnglesHint: {x: 0, y: 0, z: 0}
--- !u!4 &4920952055623734
Transform:
  m_ObjectHideFlags: 1
  m_CorrespondingSourceObject: {fileID: 0}
  m_PrefabInternal: {fileID: 100100000}
  m_GameObject: {fileID: 1862134142406076}
  m_LocalRotation: {x: 0, y: 0, z: 0, w: 1}
  m_LocalPosition: {x: 0, y: 1.29, z: 70.532745}
  m_LocalScale: {x: 1, y: 1, z: 1}
  m_Children:
  - {fileID: 4305989252096228}
  - {fileID: 4170058905147720}
  - {fileID: 4358270849024680}
  - {fileID: 4318193399836996}
  m_Father: {fileID: 0}
  m_RootOrder: 0
  m_LocalEulerAnglesHint: {x: 0, y: 0, z: 0}
--- !u!114 &114203804535137672
MonoBehaviour:
  m_ObjectHideFlags: 1
  m_CorrespondingSourceObject: {fileID: 0}
  m_PrefabInternal: {fileID: 100100000}
  m_GameObject: {fileID: 1153502282525002}
  m_Enabled: 1
  m_EditorHideFlags: 0
  m_Script: {fileID: 11500000, guid: aab51e03b9179584db03c3e03dddb820, type: 3}
  m_Name: 
  m_EditorClassIdentifier: 
--- !u!114 &114370100044773060
MonoBehaviour:
  m_ObjectHideFlags: 1
  m_CorrespondingSourceObject: {fileID: 0}
  m_PrefabInternal: {fileID: 100100000}
  m_GameObject: {fileID: 1212861271037820}
  m_Enabled: 1
  m_EditorHideFlags: 0
  m_Script: {fileID: 11500000, guid: eeb2922346fb008419f5245af0f8ffd0, type: 3}
  m_Name: 
  m_EditorClassIdentifier: 
  players:
  - {fileID: 0}
  - {fileID: 0}
  - {fileID: 0}
  - {fileID: 0}
  - {fileID: 0}
  TimeTransform: {fileID: 0}
--- !u!114 &114705638526912576
MonoBehaviour:
  m_ObjectHideFlags: 1
  m_CorrespondingSourceObject: {fileID: 0}
  m_PrefabInternal: {fileID: 100100000}
  m_GameObject: {fileID: 1972463945059500}
  m_Enabled: 1
  m_EditorHideFlags: 0
  m_Script: {fileID: 11500000, guid: 9b90c61da3421aa4980eb39811646ffb, type: 3}
  m_Name: 
  m_EditorClassIdentifier: 
  MagnetBuff: {fileID: 1456672917735248, guid: a7aa277dd27a56b4d846db625e163069, type: 2}
  SpeedBuff: {fileID: 1480631214346948, guid: 46d6d800f7886ae44a47d71a2869c910, type: 2}
  manager: {fileID: 114956077333574734}
  MaxBuffsInPlay: 2
--- !u!114 &114956077333574734
MonoBehaviour:
  m_ObjectHideFlags: 1
  m_CorrespondingSourceObject: {fileID: 0}
  m_PrefabInternal: {fileID: 100100000}
  m_GameObject: {fileID: 1850468116544106}
  m_Enabled: 1
  m_EditorHideFlags: 0
  m_Script: {fileID: 11500000, guid: 4de806e2bfeb648cca3b36bb639f8e9c, type: 3}
  m_Name: 
  m_EditorClassIdentifier: 
  Feather: {fileID: 1161536591786862, guid: 190181a3ac06aed42b460ceb22385da3, type: 2}
  players:
  - {fileID: 0}
  - {fileID: 0}
  - {fileID: 0}
  - {fileID: 0}
  - {fileID: 0}
  KokoKing: {fileID: 0}
  GameUIAnimator: {fileID: 0}
  VRUIAnimator: {fileID: 0}
  VRTimerCanvas: {fileID: 0}
  TimerRHand: {fileID: 0}
  VRStartTimerText: {fileID: 0}
  VRGameOverText: {fileID: 0}
  StartGameText: {fileID: 0}
  GameOverText: {fileID: 0}
  OvertimeText: {fileID: 0}
  _yellowMat: {fileID: 2100000, guid: ab2820fd10e5c48eb8c49e2078a89eb6, type: 2}
  _grayMat: {fileID: 2100000, guid: b25a2d07e200d7643a8efebcf9d5b0cd, type: 2}
  RockSpawn1: {fileID: 0}
  RockSpawn2: {fileID: 0}
  leftHand: {fileID: 0}
  rightHand: {fileID: 0}
  LevelMusic: {fileID: 0}
  LevelMusicFast: {fileID: 0}
  PreGameCutScene: {fileID: 0}
  pausePanel: {fileID: 0}
